<?xml version="1.0" encoding="UTF-8"?><record xmlns="http://www.loc.gov/MARC21/slim" xmlns:cinclude="http://apache.org/cocoon/include/1.0" xmlns:zs="http://www.loc.gov/zing/srw/">
  <leader>00376nz  a2200121n  4500</leader>
  <controlfield tag="001">n  88118862 </controlfield>
  <controlfield tag="003">DLC</controlfield>
  <controlfield tag="005">19880721101105.3</controlfield>
  <controlfield tag="008">880701n| acannaab|          |n aaa |||  </controlfield>
  <datafield tag="010" ind1=" " ind2=" ">
    <subfield code="a">n  88118862 </subfield>
  </datafield>
  <datafield tag="040" ind1=" " ind2=" ">
    <subfield code="a">DLC</subfield>
    <subfield code="c">DLC</subfield>
    <subfield code="d">DLC</subfield>
  </datafield>
  <datafield tag="100" ind1="1" ind2="0">
    <subfield code="a">Rawlings, John O.,</subfield>
    <subfield code="d">1932-</subfield>
  </datafield>
  <datafield tag="670" ind1=" " ind2=" ">
    <subfield code="a">His Applied regression analysis, 1988:</subfield>
    <subfield code="b">CIP t.p. (John O. Rawlings, N.C. State Univ.) data sheet (b. 7/26/32)</subfield>
  </datafield>
</record>